;; -*- mode: beancount -*-
**** Accounts

2021-12-12 open Assets:AT:Flatex:Cash                           EUR "NONE"

2021-12-12 open Assets:AT:Flatex:Cash:Interest                  EUR "NONE"

2021-12-12 open Assets:AT:Flatex:Deposit                        EUR "NONE"

2021-12-12 open Assets:AT:Renault:Savings                       EUR "NONE"

2020-12-12 open Assets:AT:Sparkasse:Checking                    EUR "NONE"

2021-12-12 open Assets:Cash                                     EUR "NONE"

2021-12-12 open Equity:Opening-Balances                         EUR "NONE"

2021-12-12 open Expenses:AT:Flatex:Cash:Interest                EUR "NONE"

2021-12-12 open Expenses:AT:Insurance:Uniqa:Health              EUR "NONE"

2021-12-12 open Expenses:AT:Willhaben                           EUR "NONE"

2021-12-12 open Expenses:Food:Bars                              EUR "NONE"

2021-12-12 open Expenses:Food:Groceries:Bakery                  EUR "NONE"

2021-12-12 open Expenses:Food:Groceries:DrugStore               EUR "NONE"

2021-12-12 open Expenses:Food:Groceries:FarmersMarket           EUR "NONE"

2021-12-12 open Expenses:Food:Groceries:HealthStore             EUR "NONE"

2021-12-12 open Expenses:Food:Groceries:Supermarket             EUR "NONE"

2021-12-12 open Expenses:Food:Groceries:Supermarket:Billa       EUR "NONE"

2021-12-12 open Expenses:Food:Groceries:Supermarket:Hofer       EUR "NONE"

2021-12-12 open Expenses:Food:Groceries:Supermarket:Spar        EUR "NONE"

2021-12-12 open Expenses:Food:Restaurants                       EUR "NONE"

2020-12-12 open Expenses:Living:Electricity:EnergieSteiermark   EUR "NONE"

2021-12-12 open Expenses:Living:Electricity:Oekostrom           EUR "NONE"

2021-12-12 open Expenses:Living:Rent                            EUR "NONE"

2021-12-12 open Expenses:Mobile:HelpMobile                      EUR "NONE"

2021-12-12 open Expenses:SpareTime:Music:Spotify                EUR "NONE"

2021-12-12 open Expenses:Sports                                 EUR "NONE"

2021-12-12 open Expenses:Sports:Climbing                        EUR "NONE"

2021-12-12 open Expenses:Sports:Running                         EUR "NONE"

2021-12-12 open Expenses:Transport:Flights                      EUR "NONE"

2021-12-12 open Expenses:Transport:Public                       EUR "NONE"

2021-12-12 open Expenses:Transport:Public:Oebb                  EUR "NONE"

2021-12-12 open Income:AT:Flatex:Deposit:Divident               EUR "NONE"

2021-12-12 open Income:AT:Renault:Savings:Interest              EUR "NONE"

2021-12-12 open Income:AT:Sparkasse:Checking:Interest           EUR "NONE"

2021-12-12 open Income:AT:Willhaben                             EUR "NONE"

2021-12-12 open Income:AT:Work:B4B:Bonus                        EUR "NONE"

2021-12-12 open Income:AT:Work:B4B:Salary                       EUR "NONE"

2021-12-12 open Income:AT:Work:CAC:Salary                       EUR "NONE"

2021-12-22 open Liabilities:TEst                                EUR "NONE"


**** Transactions

2021-11-29 * "Velofood" "Bestellung 787715 - velofoo"
  Assets:AT:Sparkasse:Checking                   -22.9 EUR
  Expenses:Living:Electricity:EnergieSteiermark   22.9 EUR

2021-11-26 * "SPAR" "POS 29,34 AT K2 25.11. 19:22 SPAR GRAZ 8010 040"
  Assets:AT:Sparkasse:Checking                   -29.34 EUR
  Expenses:Living:Electricity:EnergieSteiermark   29.34 EUR

2021-11-23 * "Roman Purgstaller" "sparen"
  Assets:AT:Sparkasse:Checking                    1100.0 EUR
  Expenses:Living:Electricity:EnergieSteiermark  -1100.0 EUR

2021-11-23 * "SPAR" "POS 8,95 AT K2 22.11. 19:31 SPAR GRAZ 8010 040"
  Assets:AT:Sparkasse:Checking                   -8.95 EUR
  Expenses:Living:Electricity:EnergieSteiermark   8.95 EUR

2021-11-22 * "SPAR" "POS 17,70 AT K2 20.11. 10:08 SPAR GRAZ 8010 040"
  Assets:AT:Sparkasse:Checking                   -17.7 EUR
  Expenses:Living:Electricity:EnergieSteiermark   17.7 EUR

2021-11-22 * "MARTIN AUER GMBH" "POS 3,70 AT K2 20.11. 10:23 MARTIN AUER GMBH GRAZ 8010 040"
  Assets:AT:Sparkasse:Checking                   -3.7 EUR
  Expenses:Living:Electricity:EnergieSteiermark   3.7 EUR

2021-11-22 * "BERGFUCHS" "POS 49,90 AT K2 19.11. 17:19 BERGFUCHS GRAZ 8020 040"
  Assets:AT:Sparkasse:Checking                   -49.9 EUR
  Expenses:Living:Electricity:EnergieSteiermark   49.9 EUR

2021-11-22 * "PROKOPP GEWUSST WIE" "POS 16,73 AT K2 19.11. 17:33 PROKOPP GEWUSST WIE GRAZ 8010 040"
  Assets:AT:Sparkasse:Checking                   -16.73 EUR
  Expenses:Living:Electricity:EnergieSteiermark   16.73 EUR

2021-11-18 * "SPAR DANKT 5344" "POS 13,54 AT K2 17.11. 18:19 SPAR DANKT 5344 GRAZ 8010 040"
  Assets:AT:Sparkasse:Checking                   -13.54 EUR
  Expenses:Living:Electricity:EnergieSteiermark   13.54 EUR

2021-11-15 * "DM-FIL. 0459" "DM-FIL. 0459 3151 K2 15.11. 18:32"
  Assets:AT:Sparkasse:Checking                   -19.4 EUR
  Expenses:Living:Electricity:EnergieSteiermark   19.4 EUR

2021-11-15 * "ERNST FUCHS BAR" "POS 24,00 AT K2 13.11. 00:50 ERNST FUCHS BAR GRAZ 8010 040"
  Assets:AT:Sparkasse:Checking                   -24.0 EUR
  Expenses:Living:Electricity:EnergieSteiermark   24.0 EUR

2021-11-15 * "SPAR" "POS 10,42 AT K2 13.11. 12:44 SPAR GRAZ 8010 040"
  Assets:AT:Sparkasse:Checking                   -10.42 EUR
  Expenses:Living:Electricity:EnergieSteiermark   10.42 EUR

2021-11-15 * "Flatex - Cashkonto - Roman Pur" "ETFs"
  Assets:AT:Sparkasse:Checking                   -1100.0 EUR
  Expenses:Living:Electricity:EnergieSteiermark   1100.0 EUR

2021-11-15 * "OEBB TICKET AUTOMAT" "OEBB TICKET 2108 K2 14.11. 16:07"
  Assets:AT:Sparkasse:Checking                   -10.7 EUR
  Expenses:Living:Electricity:EnergieSteiermark   10.7 EUR

2021-11-15 * "OEBB TICKET AUTOMAT" "OEBB TICKET 2108 K2 13.11. 15:15"
  Assets:AT:Sparkasse:Checking                   -10.7 EUR
  Expenses:Living:Electricity:EnergieSteiermark   10.7 EUR

2021-10-11 * "Georg Krenn" "Geschenk zum Nachwuchs von Dominik Abel"
  Assets:AT:Sparkasse:Checking                   -30.0 EUR
  Expenses:Living:Electricity:EnergieSteiermark   30.0 EUR

2021-10-11 * "Roman Purgstaller" "Sparen"
  Assets:AT:Sparkasse:Checking                    3400.0 EUR
  Expenses:Living:Electricity:EnergieSteiermark  -3400.0 EUR

2021-09-11 * "SPOTIFY P17DF3FDF9" "E-COMM 9,99 SE K2 08.11. 18:50 SPOTIFY P17DF3FDF9 STOCKHOLM 113 56 752"
  Assets:AT:Sparkasse:Checking                   -9.99 EUR
  Expenses:Living:Electricity:EnergieSteiermark   9.99 EUR

2021-09-11 * "DM-FIL. 0016" "DM-FIL. 0016 3151 K2 08.11. 18:44"
  Assets:AT:Sparkasse:Checking                   -5.75 EUR
  Expenses:Living:Electricity:EnergieSteiermark   5.75 EUR

2021-08-11 * "MASS Response Service GmbH" "KdNr: 4502368"
  Assets:AT:Sparkasse:Checking                   -7.9 EUR
  Expenses:Living:Electricity:EnergieSteiermark   7.9 EUR

2021-08-11 * "SPAR" "POS 19,67 AT K2 05.11. 18:31 SPAR GRAZ 8010 040"
  Assets:AT:Sparkasse:Checking                   -19.67 EUR
  Expenses:Living:Electricity:EnergieSteiermark   19.67 EUR

2021-08-11 * "ELITEPARTNER" "E-COMM 325,06 DE K2 05.11. 20STO ELITEPARTNER HAMBURG 20095 280"
  Assets:AT:Sparkasse:Checking                    325.06 EUR
  Expenses:Living:Electricity:EnergieSteiermark  -325.06 EUR

2021-05-11 * "oekostrom GmbH" "Kdnr. 1141291 Energielieferung oeko strom AG Teilbetragsrechnung Faelli gkeit 11.2021"
  Assets:AT:Sparkasse:Checking                   -27.0 EUR
  Expenses:Living:Electricity:EnergieSteiermark   27.0 EUR

2021-05-11 * "FRIEDRICH PURGSTALLER" "ALLES GUTE ZUM GEBURTSTAG"
  Assets:AT:Sparkasse:Checking                    300.0 EUR
  Expenses:Living:Electricity:EnergieSteiermark  -300.0 EUR

2021-03-11 * "Energienetze Steiermark GmbH" "Strom Anl.Nr. 24369358 Energienetze Steiermark GmbH USt 20% 1,50"
  Assets:AT:Sparkasse:Checking                   -9.0 EUR
  Expenses:Living:Electricity:EnergieSteiermark   9.0 EUR

2021-03-11 * "Energienetze Steiermark GmbH" "Strom Anl.Nr. 24369357 Energienetze Steiermark GmbH USt 20% 4,17"
  Assets:AT:Sparkasse:Checking                   -25.0 EUR
  Expenses:Living:Electricity:EnergieSteiermark   25.0 EUR

2021-02-11 * "Roman Purgstaller - RB - Tages" "Abschöpfung"
  Assets:AT:Sparkasse:Checking                   -136.55 EUR
  Expenses:Living:Electricity:EnergieSteiermark   136.55 EUR

2021-02-11 * "UNIQA Österreich Versicherungen AG" "Kranken 011121-011221607001232079"
  Assets:AT:Sparkasse:Checking                   -3.2 EUR
  Expenses:Living:Electricity:EnergieSteiermark   3.2 EUR

2021-02-11 * "Miete: Dr. Robert-Graf-Straße" ""
  Assets:AT:Sparkasse:Checking                   -800.0 EUR
  Expenses:Living:Electricity:EnergieSteiermark   800.0 EUR

2021-02-11 * "ELITEPARTNER" "E-COMM 330,48 DE K2 31.10. 18:01 ELITEPARTNER HAMBURG 20095 280"
  Assets:AT:Sparkasse:Checking                   -330.48 EUR
  Expenses:Living:Electricity:EnergieSteiermark   330.48 EUR

2021-02-11 * "SPAR DANKT 5301" "POS 9,00 AT K2 29.10. 16:12 SPAR DANKT 5301 GRAZ 8010 040"
  Assets:AT:Sparkasse:Checking                   -9.0 EUR
  Expenses:Living:Electricity:EnergieSteiermark   9.0 EUR

2021-11-29 * "Velofood" "Bestellung 787715 - velofoo"
  Assets:AT:Sparkasse:Checking                   -22.9 EUR
  Expenses:Living:Electricity:EnergieSteiermark   22.9 EUR

2021-11-26 * "SPAR" "POS 29,34 AT K2 25.11. 19:22 SPAR GRAZ 8010 040"
  Assets:AT:Sparkasse:Checking                   -29.34 EUR
  Expenses:Living:Electricity:EnergieSteiermark   29.34 EUR

2021-11-23 * "Roman Purgstaller" "sparen"
  Assets:AT:Sparkasse:Checking                    1100.0 EUR
  Expenses:Living:Electricity:EnergieSteiermark  -1100.0 EUR

2021-11-23 * "SPAR" "POS 8,95 AT K2 22.11. 19:31 SPAR GRAZ 8010 040"
  Assets:AT:Sparkasse:Checking                   -8.95 EUR
  Expenses:Living:Electricity:EnergieSteiermark   8.95 EUR

2021-11-22 * "SPAR" "POS 17,70 AT K2 20.11. 10:08 SPAR GRAZ 8010 040"
  Assets:AT:Sparkasse:Checking                   -17.7 EUR
  Expenses:Living:Electricity:EnergieSteiermark   17.7 EUR

2021-11-22 * "MARTIN AUER GMBH" "POS 3,70 AT K2 20.11. 10:23 MARTIN AUER GMBH GRAZ 8010 040"
  Assets:AT:Sparkasse:Checking                   -3.7 EUR
  Expenses:Living:Electricity:EnergieSteiermark   3.7 EUR

2021-11-22 * "BERGFUCHS" "POS 49,90 AT K2 19.11. 17:19 BERGFUCHS GRAZ 8020 040"
  Assets:AT:Sparkasse:Checking                   -49.9 EUR
  Expenses:Living:Electricity:EnergieSteiermark   49.9 EUR

2021-11-22 * "PROKOPP GEWUSST WIE" "POS 16,73 AT K2 19.11. 17:33 PROKOPP GEWUSST WIE GRAZ 8010 040"
  Assets:AT:Sparkasse:Checking                   -16.73 EUR
  Expenses:Living:Electricity:EnergieSteiermark   16.73 EUR

2021-11-18 * "SPAR DANKT 5344" "POS 13,54 AT K2 17.11. 18:19 SPAR DANKT 5344 GRAZ 8010 040"
  Assets:AT:Sparkasse:Checking                   -13.54 EUR
  Expenses:Living:Electricity:EnergieSteiermark   13.54 EUR

2021-11-15 * "DM-FIL. 0459" "DM-FIL. 0459 3151 K2 15.11. 18:32"
  Assets:AT:Sparkasse:Checking                   -19.4 EUR
  Expenses:Living:Electricity:EnergieSteiermark   19.4 EUR

2021-11-15 * "ERNST FUCHS BAR" "POS 24,00 AT K2 13.11. 00:50 ERNST FUCHS BAR GRAZ 8010 040"
  Assets:AT:Sparkasse:Checking                   -24.0 EUR
  Expenses:Living:Electricity:EnergieSteiermark   24.0 EUR

2021-11-15 * "SPAR" "POS 10,42 AT K2 13.11. 12:44 SPAR GRAZ 8010 040"
  Assets:AT:Sparkasse:Checking                   -10.42 EUR
  Expenses:Living:Electricity:EnergieSteiermark   10.42 EUR

2021-11-15 * "Flatex - Cashkonto - Roman Pur" "ETFs"
  Assets:AT:Sparkasse:Checking                   -1100.0 EUR
  Expenses:Living:Electricity:EnergieSteiermark   1100.0 EUR

2021-11-15 * "OEBB TICKET AUTOMAT" "OEBB TICKET 2108 K2 14.11. 16:07"
  Assets:AT:Sparkasse:Checking                   -10.7 EUR
  Expenses:Living:Electricity:EnergieSteiermark   10.7 EUR

2021-11-15 * "OEBB TICKET AUTOMAT" "OEBB TICKET 2108 K2 13.11. 15:15"
  Assets:AT:Sparkasse:Checking                   -10.7 EUR
  Expenses:Living:Electricity:EnergieSteiermark   10.7 EUR

2021-10-11 * "Georg Krenn" "Geschenk zum Nachwuchs von Dominik Abel"
  Assets:AT:Sparkasse:Checking                   -30.0 EUR
  Expenses:Living:Electricity:EnergieSteiermark   30.0 EUR

2021-10-11 * "Roman Purgstaller" "Sparen"
  Assets:AT:Sparkasse:Checking                    3400.0 EUR
  Expenses:Living:Electricity:EnergieSteiermark  -3400.0 EUR

2021-09-11 * "SPOTIFY P17DF3FDF9" "E-COMM 9,99 SE K2 08.11. 18:50 SPOTIFY P17DF3FDF9 STOCKHOLM 113 56 752"
  Assets:AT:Sparkasse:Checking                   -9.99 EUR
  Expenses:Living:Electricity:EnergieSteiermark   9.99 EUR

2021-09-11 * "DM-FIL. 0016" "DM-FIL. 0016 3151 K2 08.11. 18:44"
  Assets:AT:Sparkasse:Checking                   -5.75 EUR
  Expenses:Living:Electricity:EnergieSteiermark   5.75 EUR

2021-08-11 * "MASS Response Service GmbH" "KdNr: 4502368"
  Assets:AT:Sparkasse:Checking                   -7.9 EUR
  Expenses:Living:Electricity:EnergieSteiermark   7.9 EUR

2021-08-11 * "SPAR" "POS 19,67 AT K2 05.11. 18:31 SPAR GRAZ 8010 040"
  Assets:AT:Sparkasse:Checking                   -19.67 EUR
  Expenses:Living:Electricity:EnergieSteiermark   19.67 EUR

2021-08-11 * "ELITEPARTNER" "E-COMM 325,06 DE K2 05.11. 20STO ELITEPARTNER HAMBURG 20095 280"
  Assets:AT:Sparkasse:Checking                    325.06 EUR
  Expenses:Living:Electricity:EnergieSteiermark  -325.06 EUR

2021-05-11 * "oekostrom GmbH" "Kdnr. 1141291 Energielieferung oeko strom AG Teilbetragsrechnung Faelli gkeit 11.2021"
  Assets:AT:Sparkasse:Checking                   -27.0 EUR
  Expenses:Living:Electricity:EnergieSteiermark   27.0 EUR

2021-05-11 * "FRIEDRICH PURGSTALLER" "ALLES GUTE ZUM GEBURTSTAG"
  Assets:AT:Sparkasse:Checking                    300.0 EUR
  Expenses:Living:Electricity:EnergieSteiermark  -300.0 EUR

2021-03-11 * "Energienetze Steiermark GmbH" "Strom Anl.Nr. 24369358 Energienetze Steiermark GmbH USt 20% 1,50"
  Assets:AT:Sparkasse:Checking                   -9.0 EUR
  Expenses:Living:Electricity:EnergieSteiermark   9.0 EUR

2021-03-11 * "Energienetze Steiermark GmbH" "Strom Anl.Nr. 24369357 Energienetze Steiermark GmbH USt 20% 4,17"
  Assets:AT:Sparkasse:Checking                   -25.0 EUR
  Expenses:Living:Electricity:EnergieSteiermark   25.0 EUR

2021-02-11 * "Roman Purgstaller - RB - Tages" "Abschöpfung"
  Assets:AT:Sparkasse:Checking                   -136.55 EUR
  Expenses:Living:Electricity:EnergieSteiermark   136.55 EUR

2021-02-11 * "UNIQA Österreich Versicherungen AG" "Kranken 011121-011221607001232079"
  Assets:AT:Sparkasse:Checking                   -3.2 EUR
  Expenses:Living:Electricity:EnergieSteiermark   3.2 EUR

2021-02-11 * "Miete: Dr. Robert-Graf-Straße" ""
  Assets:AT:Sparkasse:Checking                   -800.0 EUR
  Expenses:Living:Electricity:EnergieSteiermark   800.0 EUR

2021-02-11 * "ELITEPARTNER" "E-COMM 330,48 DE K2 31.10. 18:01 ELITEPARTNER HAMBURG 20095 280"
  Assets:AT:Sparkasse:Checking                   -330.48 EUR
  Expenses:Living:Electricity:EnergieSteiermark   330.48 EUR

2021-02-11 * "SPAR DANKT 5301" "POS 9,00 AT K2 29.10. 16:12 SPAR DANKT 5301 GRAZ 8010 040"
  Assets:AT:Sparkasse:Checking                   -9.0 EUR
  Expenses:Living:Electricity:EnergieSteiermark   9.0 EUR

2021-11-29 * "Velofood" "Bestellung 787715 - velofoo"
  Assets:AT:Sparkasse:Checking                   -22.9 EUR
  Expenses:Living:Electricity:EnergieSteiermark   22.9 EUR

2021-11-26 * "SPAR" "POS 29,34 AT K2 25.11. 19:22 SPAR GRAZ 8010 040"
  Assets:AT:Sparkasse:Checking                   -29.34 EUR
  Expenses:Living:Electricity:EnergieSteiermark   29.34 EUR

2021-11-23 * "Roman Purgstaller" "sparen"
  Assets:AT:Sparkasse:Checking                    1100.0 EUR
  Expenses:Living:Electricity:EnergieSteiermark  -1100.0 EUR

2021-11-23 * "SPAR" "POS 8,95 AT K2 22.11. 19:31 SPAR GRAZ 8010 040"
  Assets:AT:Sparkasse:Checking                   -8.95 EUR
  Expenses:Living:Electricity:EnergieSteiermark   8.95 EUR

2021-11-22 * "SPAR" "POS 17,70 AT K2 20.11. 10:08 SPAR GRAZ 8010 040"
  Assets:AT:Sparkasse:Checking                   -17.7 EUR
  Expenses:Living:Electricity:EnergieSteiermark   17.7 EUR

2021-11-22 * "MARTIN AUER GMBH" "POS 3,70 AT K2 20.11. 10:23 MARTIN AUER GMBH GRAZ 8010 040"
  Assets:AT:Sparkasse:Checking                   -3.7 EUR
  Expenses:Living:Electricity:EnergieSteiermark   3.7 EUR

2021-11-22 * "BERGFUCHS" "POS 49,90 AT K2 19.11. 17:19 BERGFUCHS GRAZ 8020 040"
  Assets:AT:Sparkasse:Checking                   -49.9 EUR
  Expenses:Living:Electricity:EnergieSteiermark   49.9 EUR

2021-11-22 * "PROKOPP GEWUSST WIE" "POS 16,73 AT K2 19.11. 17:33 PROKOPP GEWUSST WIE GRAZ 8010 040"
  Assets:AT:Sparkasse:Checking                   -16.73 EUR
  Expenses:Living:Electricity:EnergieSteiermark   16.73 EUR

2021-11-18 * "SPAR DANKT 5344" "POS 13,54 AT K2 17.11. 18:19 SPAR DANKT 5344 GRAZ 8010 040"
  Assets:AT:Sparkasse:Checking                   -13.54 EUR
  Expenses:Living:Electricity:EnergieSteiermark   13.54 EUR

2021-11-15 * "DM-FIL. 0459" "DM-FIL. 0459 3151 K2 15.11. 18:32"
  Assets:AT:Sparkasse:Checking                   -19.4 EUR
  Expenses:Living:Electricity:EnergieSteiermark   19.4 EUR

2021-11-15 * "ERNST FUCHS BAR" "POS 24,00 AT K2 13.11. 00:50 ERNST FUCHS BAR GRAZ 8010 040"
  Assets:AT:Sparkasse:Checking                   -24.0 EUR
  Expenses:Living:Electricity:EnergieSteiermark   24.0 EUR

2021-11-15 * "SPAR" "POS 10,42 AT K2 13.11. 12:44 SPAR GRAZ 8010 040"
  Assets:AT:Sparkasse:Checking                   -10.42 EUR
  Expenses:Living:Electricity:EnergieSteiermark   10.42 EUR

2021-11-15 * "Flatex - Cashkonto - Roman Pur" "ETFs"
  Assets:AT:Sparkasse:Checking                   -1100.0 EUR
  Expenses:Living:Electricity:EnergieSteiermark   1100.0 EUR

2021-11-15 * "OEBB TICKET AUTOMAT" "OEBB TICKET 2108 K2 14.11. 16:07"
  Assets:AT:Sparkasse:Checking                   -10.7 EUR
  Expenses:Living:Electricity:EnergieSteiermark   10.7 EUR

2021-11-15 * "OEBB TICKET AUTOMAT" "OEBB TICKET 2108 K2 13.11. 15:15"
  Assets:AT:Sparkasse:Checking                   -10.7 EUR
  Expenses:Living:Electricity:EnergieSteiermark   10.7 EUR

2021-10-11 * "Georg Krenn" "Geschenk zum Nachwuchs von Dominik Abel"
  Assets:AT:Sparkasse:Checking                   -30.0 EUR
  Expenses:Living:Electricity:EnergieSteiermark   30.0 EUR

2021-10-11 * "Roman Purgstaller" "Sparen"
  Assets:AT:Sparkasse:Checking                    3400.0 EUR
  Expenses:Living:Electricity:EnergieSteiermark  -3400.0 EUR

2021-09-11 * "SPOTIFY P17DF3FDF9" "E-COMM 9,99 SE K2 08.11. 18:50 SPOTIFY P17DF3FDF9 STOCKHOLM 113 56 752"
  Assets:AT:Sparkasse:Checking                   -9.99 EUR
  Expenses:Living:Electricity:EnergieSteiermark   9.99 EUR

2021-09-11 * "DM-FIL. 0016" "DM-FIL. 0016 3151 K2 08.11. 18:44"
  Assets:AT:Sparkasse:Checking                   -5.75 EUR
  Expenses:Living:Electricity:EnergieSteiermark   5.75 EUR

2021-08-11 * "MASS Response Service GmbH" "KdNr: 4502368"
  Assets:AT:Sparkasse:Checking                   -7.9 EUR
  Expenses:Living:Electricity:EnergieSteiermark   7.9 EUR

2021-08-11 * "SPAR" "POS 19,67 AT K2 05.11. 18:31 SPAR GRAZ 8010 040"
  Assets:AT:Sparkasse:Checking                   -19.67 EUR
  Expenses:Living:Electricity:EnergieSteiermark   19.67 EUR

2021-08-11 * "ELITEPARTNER" "E-COMM 325,06 DE K2 05.11. 20STO ELITEPARTNER HAMBURG 20095 280"
  Assets:AT:Sparkasse:Checking                    325.06 EUR
  Expenses:Living:Electricity:EnergieSteiermark  -325.06 EUR

2021-05-11 * "oekostrom GmbH" "Kdnr. 1141291 Energielieferung oeko strom AG Teilbetragsrechnung Faelli gkeit 11.2021"
  Assets:AT:Sparkasse:Checking                   -27.0 EUR
  Expenses:Living:Electricity:EnergieSteiermark   27.0 EUR

2021-05-11 * "FRIEDRICH PURGSTALLER" "ALLES GUTE ZUM GEBURTSTAG"
  Assets:AT:Sparkasse:Checking                    300.0 EUR
  Expenses:Living:Electricity:EnergieSteiermark  -300.0 EUR

2021-03-11 * "Energienetze Steiermark GmbH" "Strom Anl.Nr. 24369358 Energienetze Steiermark GmbH USt 20% 1,50"
  Assets:AT:Sparkasse:Checking                   -9.0 EUR
  Expenses:Living:Electricity:EnergieSteiermark   9.0 EUR

2021-03-11 * "Energienetze Steiermark GmbH" "Strom Anl.Nr. 24369357 Energienetze Steiermark GmbH USt 20% 4,17"
  Assets:AT:Sparkasse:Checking                   -25.0 EUR
  Expenses:Living:Electricity:EnergieSteiermark   25.0 EUR

2021-02-11 * "Roman Purgstaller - RB - Tages" "Abschöpfung"
  Assets:AT:Sparkasse:Checking                   -136.55 EUR
  Expenses:Living:Electricity:EnergieSteiermark   136.55 EUR

2021-02-11 * "UNIQA Österreich Versicherungen AG" "Kranken 011121-011221607001232079"
  Assets:AT:Sparkasse:Checking                   -3.2 EUR
  Expenses:Living:Electricity:EnergieSteiermark   3.2 EUR

2021-02-11 * "Miete: Dr. Robert-Graf-Straße" ""
  Assets:AT:Sparkasse:Checking                   -800.0 EUR
  Expenses:Living:Electricity:EnergieSteiermark   800.0 EUR

2021-02-11 * "ELITEPARTNER" "E-COMM 330,48 DE K2 31.10. 18:01 ELITEPARTNER HAMBURG 20095 280"
  Assets:AT:Sparkasse:Checking                   -330.48 EUR
  Expenses:Living:Electricity:EnergieSteiermark   330.48 EUR

2021-02-11 * "SPAR DANKT 5301" "POS 9,00 AT K2 29.10. 16:12 SPAR DANKT 5301 GRAZ 8010 040"
  Assets:AT:Sparkasse:Checking                   -9.0 EUR
  Expenses:Living:Electricity:EnergieSteiermark   9.0 EUR


